2059 3567
153 264 620 341 DISSERTATIO.
663 252 761 349 mii

80 434 266 508 testarentur,
286 438 452 506 Juvenalem
475 446 503 500 dr
516 440 646 499 Matium
662 440 763 500 Maxi·

82 558 165 599 mum
187 538 324 599 curatiore
341 541 453 615 studio,
473 562 504 601 ut
518 543 614 623 inquit
628 546 763 603 Ammia-

81 662 134 700 nus
149 642 350 709 Marcellinus,
372 642 556 714 leditabent,
577 642 657 703 nulla
675 642 763 705 volu·

81 746 162 803 mina
182 764 279 823 praeter
294 741 352 805 haec
365 746 394 803 in
406 742 550 825 profundo
563 748 626 805 otio
636 751 764 806 contrec-

80 866 172 908 tantes
187 874 194 911 :
211 868 314 923 nempe
335 848 462 930 segnitiae
486 848 541 909 suae
552 847 665 908 delicias
677 846 765 909 facie-

82 948 168 1019 bant,
192 946 448 1028 existimabaurque
470 951 620 1025 ingentem
641 951 767 1028 Scripto-

82 1068 148 1110 rutn
167 1052 282 1109 turbam
300 1050 412 1129 negligi
423 1050 543 1127 impune
553 1066 638 1129 atque
651 1048 765 1131 insuper

82 1148 199 1225 haberi,
216 1153 289 1211 dum
307 1150 373 1211 elset
388 1155 464 1211 unde
483 1157 510 1211 dt
529 1152 767 1227 moribundepra·

16 1244 18 1249 ⁵
82 1251 232 1313 utillimis
244 1272 370 1311 extrema
391 1253 518 1314 remedia
529 1298 538 1327 ,
551 1262 578 1313 dt
592 1251 766 1333 temporibus

83 1354 264 1415 difficillimis
282 1354 413 1433 exempla
428 1350 768 1435 convenientillirnasup-

83 1475 224 1537 peterent.
241 1460 402 1536 Nunquam
418 1454 497 1515 ersun
521 1456 596 1516 milri
611 1456 768 1535 persuaderi

83 1562 178 1640 patiar
193 1560 384 1619 Ammianutn
401 1555 459 1615 lraec
469 1558 536 1617 ideo
554 1558 659 1618 norelle
674 1564 769 1639 utJu-

83 1658 195 1719 venalis
215 1677 265 1719 aut
283 1658 407 1719 Maximi
426 1655 577 1718 ledionem
588 1662 662 1720 inter
673 1678 769 1721 retum

84 1757 267 1841 publicarum
282 1756 452 1835 corruptelas
476 1778 608 1837 poneret,
627 1759 770 1842 cumipse

85 1862 201 1943 quoties
211 1858 414 1941 philosophum
425 1862 505 1943 agit,
518 1881 577 1919 non
591 1880 770 1939 paucncnm-

87 1962 210 2021 mutaris
231 1980 342 2021 tanturn
365 1961 474 2041 syllabis
485 1982 520 2022 ex
534 1965 672 2043 Juvenale
683 1964 772 2024 trans·

88 2066 196 2127 cribet:
214 2065 250 2123 de
264 2082 332 2144 .quo
351 2065 440 2143 etiarn
464 2064 519 2123 hoc
532 2067 621 2124 -ornni
639 2065 771 2126 alleven-

90 2170 172 2229 tione
195 2166 368 2240 affirmetur,
387 2170 414 2223 dr
433 2166 497 2245 ipsae
515 2168 652 2229 sexdecim
674 2169 772 2228 satire

90 2269 219 2328 clamant
243 2270 314 2327 adeo
342 2266 521 2347 pertinaciter
537 2270 615 2329 vitiis
629 2266 771 2328 infensum

91 2370 171 2431 fuisse
194 2392 226 2430 ur
246 2391 313 2431 curn
336 2372 372 2430 iis
397 2370 529 2431 homines
547 2390 603 2429 una
626 2368 773 2449 soepiffirne

92 2475 256 2557 flagellaret.
284 2470 410 2534 Marium
437 2490 504 2531 vero
534 2474 696 2532 Maximum
724 2470 775 2530 etii

95 2595 181 2655 opera
198 2581 287 2655 ejus,
313 2595 375 2654 quae
402 2564 585 2638 ietbofiffima
606 2581 634 2634 δι
651 2572 775 2632 minutio
