2059 3567
184 232 257 329 'tte
278 234 384 312 aar.
404 233 572 350 tutem
594 243 684 317 nat
718 241 788 341 xvij

101 408 135 455 to
147 394 305 463 Horatium
317 404 424 467 curiose
437 404 643 467 confideraudo
655 424 716 468 tam
734 408 790 467 ad-

98 501 270 563 mirabilem
282 503 334 565 elle
345 508 505 583 docuit,‚ut
524 506 664 592 plerisque
676 517 735 589 jam
754 514 788 571 in

95 602 193 663 ·Perfio
204 604 296 667 nimia
307 608 396 668 Stoici
408 609 549 689 supercilii
567 612 713 673 morositas
722 617 786 691 jure

97 704 254 789 displiceat.
274 710 593 793 quenalisingenium
614 716 701 774 ambo
720 718 785 797 qui-

95 808 166 867 dem
181 811 255 871 certe
268 812 454 873 laudaverunt
463 855 477 885 ,
498 810 642 875 letamen
655 834 687 876 ut
704 818 784 879 ineo

95 906 168 987 saepe
185 912 358 975 acerbiorem
369 914 536 995 increpandi
548 914 715 991 libidinem,
734 915 784 979 [κ-

94 1030 132 1089 pe
144 1015 235 1073 etiam
255 1015 415 1078 Rhetoricae
426 1020 598 1099 arrogantiae
616 1017 692 1098 quafi
706 1017 784 1078 lalci-

94 1116 198 1185 viam,
221 1138 255 1178 ac
278 1122 402 1200 denique
425 1117 667 1179 declamationem
685 1119 781 1199 potitis

92 1218 183 1299 qudm
196 1224 320 1281 Satiram
334 1221 386 1281 effe
399 1220 660 1303 pronuntiaverint.

133 1339 779 1422 Qtodjudiciutn,prestantillimeTttuaum

90 1438 159 1500 ctlm
173 1440 204 1501 fir
216 1441 347 1505 virorum
366 1443 519 1523 multiplici
537 1442 685 1518 murina,
710 1442 780 1504 licut

90 1546 204 1625 optime
218 1548 312 1616 nosti,
335 1547 552 1623 excellentium,
573 1568 685 1629 magna
701 1547 779 1609 sem-

89 1668 142 1729 per
152 1650 329 1711 auctoritatis
347 1652 422 1731 apud
433 1670 536 1711 omnes
545 1649 607 1713 fore
617 1672 678 1715 non
689 1652 776 1712 dubi-

19 1814 21 1817 .
88 1770 132 1811 ro.
154 1756 259 1835 Neque
281 1752 323 1813 fas
344 1752 396 1815 elle
415 1756 559 1815 crederem
578 1754 615 1813 de
628 1754 777 1833 luvenalis

87 1852 181 1915 Saritai
201 1856 369 1917 sententiam
390 1858 424 1916 ab
440 1876 542 1917 eorum
566 1856 705 1935 opinione
727 1856 774 1919 vel

59 1950 65 1964 ⁴
86 1949 250 2019 minimum
265 1958 453 2020 discedentem
464 1956 592 2039 aperire,
611 1958 662 2017 nifi
674 1980 721 2020 me
741 1962 776 2021 id

87 2079 155 2119 cum
170 2062 337 2123 eorumdem
351 2082 418 2143 pace
429 2082 461 2123 ac
472 2066 555 2124 venia
565 2060 708 2148 sudorum
725 2064 774 2123 itt-

86 2161 249 2243 telligerem
262 2204 272 2235 ‚
285 2164 507 2245 disceptatione,
525 2184 608 2222 more
617 2168 773 2241 majorum,

87 2262 211 2325 honesto
224 2265 328 2327 scilicet
340 2286 371 2327 ac
385 2268 561 2341 verecundo,
586 2285 647 2323 non
668 2267 781 2326 canino

86 2365 144 2426 isto
167 2366 218 2448 qui
237 2386 297 2428 tam
324 2369 431 2429 multos
448 2368 533 2429 lto'die
553 2366 665 2426 tabidos
690 2368 774 2446 agit,

86 2467 239 2541 institutd;
254 2473 462 2551 praesertimque
483 2471 559 2549 apud
580 2487 608 2529 re
620 2488 710 2549 quem
728 2470 774 2529 illi

86 2570 139 2651 ipfi
151 2570 279 2633 litteratae
292 2573 433 2655 sapientie
443 2591 573 2653 proceres
584 2570 731 2633 summum
741 2570 775 2632 u.

602 2678 628 2733 B
