<?xml version="1.0" encoding="UTF-8"?>
<!DOCTYPE html PUBLIC "-//W3C//DTD XHTML 1.0 Transitional//EN"
    "http://www.w3.org/TR/xhtml1/DTD/xhtml1-transitional.dtd">
<html xmlns="http://www.w3.org/1999/xhtml" xml:lang="en" lang="en">
 <head>
  <title>
</title>
<meta http-equiv="Content-Type" content="text/html;charset=utf-8" />
  <meta name='ocr-system' content='tesseract 3.04.00' />
  <meta name='ocr-capabilities' content='ocr_page ocr_carea ocr_par ocr_line ocrx_word'/>
</head>
<body>
  <div class='ocr_page' id='page_1' title='image "auliflaccipersi00rigagoog_0047.png"; bbox 0 0 2059 3567; ppageno 0'>
   <div class='ocr_carea' id='block_1_1' title="bbox 159 294 769 376">
    <p class='ocr_par' dir='ltr' id='par_1_1' title="bbox 159 294 769 376">
     <span class='ocr_line' id='line_1_1' title="bbox 159 294 769 376; baseline 0.02 -12"><span class='ocrx_word' id='word_1_1' title='bbox 159 294 637 371; x_wconf 65' lang='lat' dir='ltr'>vD&#39;ISSERTATIO.</span> <span class='ocrx_word' id='word_1_2' title='bbox 672 318 769 376; x_wconf 67' lang='lat' dir='ltr'>xxxv</span> 
     </span>
    </p>
   </div>
   <div class='ocr_carea' id='block_1_2' title="bbox 82 444 771 1724">
    <p class='ocr_par' dir='ltr' id='par_1_2' title="bbox 82 444 771 1724">
     <span class='ocr_line' id='line_1_2' title="bbox 84 444 768 522; baseline 0.004 -19"><span class='ocrx_word' id='word_1_3' title='bbox 84 444 206 504; x_wconf 76' lang='lat' dir='ltr'>mulsam</span> <span class='ocrx_word' id='word_1_4' title='bbox 226 445 402 522; x_wconf 79' lang='lat' dir='ltr'>declarasset,</span> <span class='ocrx_word' id='word_1_5' title='bbox 415 446 466 507; x_wconf 86' lang='lat' dir='ltr'>nist</span> <span class='ocrx_word' id='word_1_6' title='bbox 481 452 608 505; x_wconf 82' lang='lat' dir='ltr'>Deorum</span> <span class='ocrx_word' id='word_1_7' title='bbox 627 450 768 507; x_wconf 79' lang='lat' dir='ltr'>Deatum-</span> 
     </span>
     <span class='ocr_line' id='line_1_3' title="bbox 83 548 767 629; baseline 0.004 -24"><span class='ocrx_word' id='word_1_8' title='bbox 83 564 141 626; x_wconf 88' lang='lat' dir='ltr'>que</span> <span class='ocrx_word' id='word_1_9' title='bbox 154 548 311 624; x_wconf 77' lang='lat' dir='ltr'>schemata,</span> <span class='ocrx_word' id='word_1_10' title='bbox 321 548 364 608; x_wconf 87' lang='lat' dir='ltr'>uti</span> <span class='ocrx_word' id='word_1_11' title='bbox 376 566 443 609; x_wconf 85' lang='lat' dir='ltr'>tunc</span> <span class='ocrx_word' id='word_1_12' title='bbox 454 548 618 609; x_wconf 72' lang='lat' dir='ltr'>colebantur</span> <span class='ocrx_word' id='word_1_13' title='bbox 626 550 767 629; x_wconf 81' lang='lat' dir='ltr'>,·tlescrip·</span> 
     </span>
     <span class='ocr_line' id='line_1_4' title="bbox 84 646 768 731; baseline 0.003 -22"><span class='ocrx_word' id='word_1_14' title='bbox 84 646 179 711; x_wconf 78' lang='lat' dir='ltr'>fill&#39;et?</span> <span class='ocrx_word' id='word_1_15' title='bbox 192 656 347 711; x_wconf 79' lang='lat' dir='ltr'>Saturnum</span> <span class='ocrx_word' id='word_1_16' title='bbox 360 648 459 711; x_wconf 82' lang='lat' dir='ltr'>scilicet</span> <span class='ocrx_word' id='word_1_17' title='bbox 475 648 635 729; x_wconf 79' lang='lat' dir='ltr'>fugientem</span> <span class='ocrx_word' id='word_1_18' title='bbox 645 690 655 720; x_wconf 86' lang='lat'><em>,</em></span> <span class='ocrx_word' id='word_1_19' title='bbox 666 652 768 731; x_wconf 80' lang='lat' dir='ltr'>pofito-</span> 
     </span>
     <span class='ocr_line' id='line_1_5' title="bbox 82 750 768 833; baseline 0.003 -22"><span class='ocrx_word' id='word_1_20' title='bbox 82 750 768 833; x_wconf 73' lang='lat' dir='ltr'>quediademarefalcearrnatum3lovem1dzia</span> 
     </span>
     <span class='ocr_line' id='line_1_6' title="bbox 83 854 769 932; baseline 0.004 -20"><span class='ocrx_word' id='word_1_21' title='bbox 83 854 175 913; x_wconf 79' lang='lat' dir='ltr'>antris</span> <span class='ocrx_word' id='word_1_22' title='bbox 187 854 396 915; x_wconf 85' lang='lat' dir='ltr'>delitescentem</span> <span class='ocrx_word' id='word_1_23' title='bbox 407 896 417 927; x_wconf 87' lang='lat'>,</span> <span class='ocrx_word' id='word_1_24' title='bbox 429 854 496 913; x_wconf 83' lang='lat' dir='ltr'>inde</span> <span class='ocrx_word' id='word_1_25' title='bbox 514 855 594 932; x_wconf 76' lang='lat' dir='ltr'>super</span> <span class='ocrx_word' id='word_1_26' title='bbox 606 855 692 914; x_wconf 78' lang='lat' dir='ltr'>nuber</span> <span class='ocrx_word' id='word_1_27' title='bbox 702 874 769 917; x_wconf 82' lang='lat' dir='ltr'>cota·</span> 
     </span>
     <span class='ocr_line' id='line_1_7' title="bbox 84 953 769 1034; baseline 0.003 -20"><span class='ocrx_word' id='word_1_28' title='bbox 84 955 165 1014; x_wconf 80' lang='lat' dir='ltr'>vivia</span> <span class='ocrx_word' id='word_1_29' title='bbox 181 957 359 1034; x_wconf 74' lang='lat' dir='ltr'>agitantem,</span> <span class='ocrx_word' id='word_1_30' title='bbox 382 953 506 1014; x_wconf 78' lang='lat' dir='ltr'>adultera</span> <span class='ocrx_word' id='word_1_31' title='bbox 518 965 545 1016; x_wconf 69' lang='lat' dir='ltr'>er</span> <span class='ocrx_word' id='word_1_32' title='bbox 556 958 696 1016; x_wconf 87' lang='lat' dir='ltr'>catamito</span> <span class='ocrx_word' id='word_1_33' title='bbox 712 976 769 1034; x_wconf 86' lang='lat' dir='ltr'>po·</span> 
     </span>
     <span class='ocr_line' id='line_1_8' title="bbox 83 1039 771 1129; baseline 0.003 -14"><span class='ocrx_word' id='word_1_34' title='bbox 83 1056 149 1115; x_wconf 85' lang='lat' dir='ltr'>cula</span> <span class='ocrx_word' id='word_1_35' title='bbox 165 1056 387 1117; x_wconf 81' lang='lat' dir='ltr'>ministrantibus</span> <span class='ocrx_word' id='word_1_36' title='bbox 404 1086 413 1129; x_wconf 79' lang='lat' dir='ltr'>t</span> <span class='ocrx_word' id='word_1_37' title='bbox 438 1039 600 1116; x_wconf 82' lang='lat' dir='ltr'>Vulcainum</span> <span class='ocrx_word' id='word_1_38' title='bbox 619 1057 654 1114; x_wconf 88' lang='lat' dir='ltr'>ab</span> <span class='ocrx_word' id='word_1_39' title='bbox 667 1057 771 1117; x_wconf 80' lang='lat' dir='ltr'>incude</span> 
     </span>
     <span class='ocr_line' id='line_1_9' title="bbox 84 1152 769 1241; baseline 0.003 -24"><span class='ocrx_word' id='word_1_40' title='bbox 84 1158 276 1241; x_wconf 82' lang='lat' dir='ltr'>fuliginosunt</span> <span class='ocrx_word' id='word_1_41' title='bbox 308 1180 318 1231; x_wconf 81' lang='lat'>3</span> <span class='ocrx_word' id='word_1_42' title='bbox 342 1157 488 1217; x_wconf 78' lang='lat' dir='ltr'>Atlantem</span> <span class='ocrx_word' id='word_1_43' title='bbox 516 1156 600 1219; x_wconf 83' lang='lat' dir='ltr'>Coeli</span> <span class='ocrx_word' id='word_1_44' title='bbox 626 1152 769 1220; x_wconf 79' lang='lat' dir='ltr'>destinam</span> 
     </span>
     <span class='ocr_line' id='line_1_10' title="bbox 84 1258 769 1341; baseline 0.01 -24"><span class='ocrx_word' id='word_1_45' title='bbox 84 1258 135 1319; x_wconf 87' lang='lat' dir='ltr'>sub</span> <span class='ocrx_word' id='word_1_46' title='bbox 169 1260 262 1318; x_wconf 87' lang='lat' dir='ltr'>nimia</span> <span class='ocrx_word' id='word_1_47' title='bbox 298 1266 424 1321; x_wconf 84' lang='lat' dir='ltr'>Deorum</span> <span class='ocrx_word' id='word_1_48' title='bbox 449 1260 529 1321; x_wconf 90' lang='lat' dir='ltr'>rurba</span> <span class='ocrx_word' id='word_1_49' title='bbox 553 1278 717 1341; x_wconf 73' lang='lat' dir='ltr'>gementem</span> <span class='ocrx_word' id='word_1_50' title='bbox 740 1272 769 1324; x_wconf 72' lang='grc' dir='ltr'>ει</span> 
     </span>
     <span class='ocr_line' id='line_1_11' title="bbox 85 1351 770 1443; baseline 0.003 -23"><span class='ocrx_word' id='word_1_51' title='bbox 85 1351 215 1442; x_wconf 71' lang='lat' dir='ltr'>pondere</span> <span class='ocrx_word' id='word_1_52' title='bbox 230 1356 400 1443; x_wconf 77' lang='lat' dir='ltr'>opprellunt.</span> <span class='ocrx_word' id='word_1_53' title='bbox 419 1363 487 1421; x_wconf 80' lang='lat' dir='ltr'>llaec</span> <span class='ocrx_word' id='word_1_54' title='bbox 505 1362 587 1421; x_wconf 91' lang='lat' dir='ltr'>enim</span> <span class='ocrx_word' id='word_1_55' title='bbox 605 1360 669 1421; x_wconf 77' lang='lat' dir='ltr'>sunt</span> <span class='ocrx_word' id='word_1_56' title='bbox 681 1364 770 1437; x_wconf 80' lang='lat' dir='ltr'>anilia</span> 
     </span>
     <span class='ocr_line' id='line_1_12' title="bbox 82 1460 770 1541; baseline 0.007 -21"><span class='ocrx_word' id='word_1_57' title='bbox 82 1480 177 1541; x_wconf 61' lang='lat' dir='ltr'>vprope</span> <span class='ocrx_word' id='word_1_58' title='bbox 196 1460 404 1537; x_wconf 71' lang='lat' dir='ltr'>deliramenta,</span> <span class='ocrx_word' id='word_1_59' title='bbox 423 1460 657 1524; x_wconf 82' lang='lat' dir='ltr'>uttuilibersanae</span> <span class='ocrx_word' id='word_1_60' title='bbox 665 1468 770 1526; x_wconf 67' lang='lat' dir='ltr'>mentis</span> 
     </span>
     <span class='ocr_line' id='line_1_13' title="bbox 85 1558 771 1645; baseline 0.004 -26"><span class='ocrx_word' id='word_1_61' title='bbox 85 1558 246 1621; x_wconf 78' lang='lat' dir='ltr'>ludibrium</span> <span class='ocrx_word' id='word_1_62' title='bbox 272 1560 390 1624; x_wconf 80' lang='lat' dir='ltr'>debeant</span> <span class='ocrx_word' id='word_1_63' title='bbox 415 1604 426 1637; x_wconf 88' lang='lat'><em>,</em></span> <span class='ocrx_word' id='word_1_64' title='bbox 461 1565 568 1623; x_wconf 84' lang='lat' dir='ltr'>nedum</span> <span class='ocrx_word' id='word_1_65' title='bbox 592 1583 644 1645; x_wconf 84' lang='lat' dir='ltr'>pto</span> <span class='ocrx_word' id='word_1_66' title='bbox 665 1562 771 1623; x_wconf 82' lang='lat' dir='ltr'>divinia</span> 
     </span>
     <span class='ocr_line' id='line_1_14' title="bbox 86 1662 257 1724; baseline 0.006 -1"><span class='ocrx_word' id='word_1_67' title='bbox 86 1662 257 1724; x_wconf 87' lang='lat' dir='ltr'>habeantur.</span> 
     </span>
    </p>
   </div>
   <div class='ocr_carea' id='block_1_3' title="bbox 88 1778 775 2669">
    <p class='ocr_par' dir='ltr' id='par_1_3' title="bbox 88 1778 775 2669">
     <span class='ocr_line' id='line_1_15' title="bbox 132 1778 772 1859; baseline 0.002 -22"><span class='ocrx_word' id='word_1_68' title='bbox 132 1778 226 1855; x_wconf 85' lang='lat' dir='ltr'>Quod</span> <span class='ocrx_word' id='word_1_69' title='bbox 243 1794 340 1839; x_wconf 87' lang='lat' dir='ltr'>aurem</span> <span class='ocrx_word' id='word_1_70' title='bbox 357 1779 413 1849; x_wconf 85' lang='lat' dir='ltr'>ait,</span> <span class='ocrx_word' id='word_1_71' title='bbox 432 1780 544 1839; x_wconf 85' lang='lat' dir='ltr'>minore</span> <span class='ocrx_word' id='word_1_72' title='bbox 562 1780 708 1859; x_wconf 80' lang='lat' dir='ltr'>quondam</span> <span class='ocrx_word' id='word_1_73' title='bbox 720 1798 772 1838; x_wconf 83' lang='lat' dir='ltr'>nu·</span> 
     </span>
     <span class='ocr_line' id='line_1_16' title="bbox 90 1877 772 1960; baseline 0 -18"><span class='ocrx_word' id='word_1_74' title='bbox 90 1900 172 1942; x_wconf 90' lang='lat' dir='ltr'>mero</span> <span class='ocrx_word' id='word_1_75' title='bbox 191 1900 224 1940; x_wconf 90' lang='lat' dir='ltr'>ac</span> <span class='ocrx_word' id='word_1_76' title='bbox 246 1880 371 1959; x_wconf 85' lang='lat' dir='ltr'>pondere</span> <span class='ocrx_word' id='word_1_77' title='bbox 394 1882 521 1941; x_wconf 88' lang='lat' dir='ltr'>Deorum</span> <span class='ocrx_word' id='word_1_78' title='bbox 550 1877 669 1960; x_wconf 76' lang='lat' dir='ltr'>prelium</span> <span class='ocrx_word' id='word_1_79' title='bbox 692 1878 772 1943; x_wconf 76' lang='lat' dir='ltr'>luill&#39;e</span> 
     </span>
     <span class='ocr_line' id='line_1_17' title="bbox 91 1977 774 2063; baseline 0.004 -23"><span class='ocrx_word' id='word_1_80' title='bbox 91 1980 259 2051; x_wconf 76' lang='lat' dir='ltr'>Atlantem,</span> <span class='ocrx_word' id='word_1_81' title='bbox 274 1999 334 2039; x_wconf 87' lang='lat' dir='ltr'>non</span> <span class='ocrx_word' id='word_1_82' title='bbox 348 1981 444 2041; x_wconf 85' lang='lat' dir='ltr'>debuit</span> <span class='ocrx_word' id='word_1_83' title='bbox 457 1977 546 2041; x_wconf 81' lang='lat' dir='ltr'>videri</span> <span class='ocrx_word' id='word_1_84' title='bbox 556 1980 687 2063; x_wconf 76' lang='lat' dir='ltr'>frigidius</span> <span class='ocrx_word' id='word_1_85' title='bbox 696 1983 774 2043; x_wconf 79' lang='lat' dir='ltr'>febu-</span> 
     </span>
     <span class='ocr_line' id='line_1_18' title="bbox 88 2079 775 2163; baseline -0.009 -20"><span class='ocrx_word' id='word_1_86' title='bbox 88 2083 116 2143; x_wconf 78' lang='lat' dir='ltr'>la</span> <span class='ocrx_word' id='word_1_87' title='bbox 133 2082 263 2163; x_wconf 74' lang='lat' dir='ltr'>ipsaque</span> <span class='ocrx_word' id='word_1_88' title='bbox 283 2080 401 2142; x_wconf 85' lang='lat' dir='ltr'>Coelum</span> <span class='ocrx_word' id='word_1_89' title='bbox 416 2079 529 2141; x_wconf 81' lang='lat' dir='ltr'>Atlante</span> <span class='ocrx_word' id='word_1_90' title='bbox 546 2080 639 2143; x_wconf 87' lang='lat' dir='ltr'>fulciri</span> <span class='ocrx_word' id='word_1_91' title='bbox 649 2102 682 2144; x_wconf 79' lang='lat' dir='ltr'>ec</span> <span class='ocrx_word' id='word_1_92' title='bbox 696 2082 775 2143; x_wconf 82' lang='lat' dir='ltr'>susti.</span> 
     </span>
     <span class='ocr_line' id='line_1_19' title="bbox 91 2180 773 2258; baseline -0.003 -15"><span class='ocrx_word' id='word_1_93' title='bbox 91 2184 152 2245; x_wconf 88' lang='lat' dir='ltr'>neti</span> <span class='ocrx_word' id='word_1_94' title='bbox 168 2188 262 2245; x_wconf 79' lang='lat' dir='ltr'>l‘ot‘r&#39;trt</span> <span class='ocrx_word' id='word_1_95' title='bbox 276 2181 418 2241; x_wconf 82' lang='lat' dir='ltr'>finxerunt</span> <span class='ocrx_word' id='word_1_96' title='bbox 437 2200 527 2241; x_wconf 80' lang='lat' dir='ltr'>emm</span> <span class='ocrx_word' id='word_1_97' title='bbox 548 2180 604 2242; x_wconf 79' lang='lat' dir='ltr'>live</span> <span class='ocrx_word' id='word_1_98' title='bbox 623 2202 773 2258; x_wconf 81' lang='lat' dir='ltr'>montem,</span> 
     </span>
     <span class='ocr_line' id='line_1_20' title="bbox 90 2276 775 2361; baseline -0.009 -14"><span class='ocrx_word' id='word_1_99' title='bbox 90 2287 145 2347; x_wconf 82' lang='lat' dir='ltr'>sive</span> <span class='ocrx_word' id='word_1_100' title='bbox 162 2287 315 2345; x_wconf 89' lang='lat' dir='ltr'>hominem</span> <span class='ocrx_word' id='word_1_101' title='bbox 336 2280 415 2342; x_wconf 83' lang='lat' dir='ltr'>fullse</span> <span class='ocrx_word' id='word_1_102' title='bbox 430 2276 443 2353; x_wconf 80' lang='grc' dir='ltr'>Ι,</span> <span class='ocrx_word' id='word_1_103' title='bbox 468 2282 617 2342; x_wconf 80' lang='lat' dir='ltr'>Atlantem</span> <span class='ocrx_word' id='word_1_104' title='bbox 637 2281 775 2361; x_wconf 77' lang='lat' dir='ltr'>intelligi·-</span> 
     </span>
     <span class='ocr_line' id='line_1_21' title="bbox 92 2384 775 2466; baseline -0.012 -18"><span class='ocrx_word' id='word_1_105' title='bbox 92 2407 157 2447; x_wconf 81' lang='lat' dir='ltr'>mus</span> <span class='ocrx_word' id='word_1_106' title='bbox 167 2424 177 2453; x_wconf 89' lang='lat'><strong>‚</strong></span> <span class='ocrx_word' id='word_1_107' title='bbox 189 2388 290 2466; x_wconf 85' lang='lat' dir='ltr'>utique</span> <span class='ocrx_word' id='word_1_108' title='bbox 299 2384 408 2463; x_wconf 86' lang='lat' dir='ltr'>lepidus</span> <span class='ocrx_word' id='word_1_109' title='bbox 424 2386 478 2444; x_wconf 90' lang='lat' dir='ltr'>erit</span> <span class='ocrx_word' id='word_1_110' title='bbox 487 2390 575 2460; x_wconf 83' lang='lat' dir='ltr'>jocus.</span> <span class='ocrx_word' id='word_1_111' title='bbox 595 2386 635 2441; x_wconf 77' lang='lat' dir='ltr'>Ac</span> <span class='ocrx_word' id='word_1_112' title='bbox 644 2385 681 2440; x_wconf 86' lang='lat' dir='ltr'>de</span> <span class='ocrx_word' id='word_1_113' title='bbox 690 2402 775 2441; x_wconf 88' lang='lat' dir='ltr'>mon·-</span> 
     </span>
     <span class='ocr_line' id='line_1_22' title="bbox 91 2484 774 2573; baseline -0.01 -20"><span class='ocrx_word' id='word_1_114' title='bbox 91 2508 120 2553; x_wconf 91' lang='lat' dir='ltr'>te</span> <span class='ocrx_word' id='word_1_115' title='bbox 135 2492 256 2573; x_wconf 88' lang='lat' dir='ltr'>quidem</span> <span class='ocrx_word' id='word_1_116' title='bbox 269 2486 324 2547; x_wconf 79' lang='lat' dir='ltr'>haec</span> <span class='ocrx_word' id='word_1_117' title='bbox 337 2485 419 2545; x_wconf 82' lang='lat' dir='ltr'>habet</span> <span class='ocrx_word' id='word_1_118' title='bbox 433 2487 595 2545; x_wconf 81' lang='lat' dir='ltr'>Herodotus</span> <span class='ocrx_word' id='word_1_119' title='bbox 605 2503 614 2546; x_wconf 79' lang='lat' dir='ltr'>t</span> <span class='ocrx_word' id='word_1_120' title='bbox 625 2484 774 2546; x_wconf 75' lang='lat' dir='ltr'>Atlantem</span> 
     </span>
     <span class='ocr_line' id='line_1_23' title="bbox 90 2583 774 2669; baseline -0.009 -15"><span class='ocrx_word' id='word_1_121' title='bbox 90 2591 199 2654; x_wconf 74' lang='lat' dir='ltr'>-lilricae</span> <span class='ocrx_word' id='word_1_122' title='bbox 213 2609 345 2650; x_wconf 86' lang='lat' dir='ltr'>montem</span> <span class='ocrx_word' id='word_1_123' title='bbox 365 2590 396 2647; x_wconf 91' lang='lat' dir='ltr'>in</span> <span class='ocrx_word' id='word_1_124' title='bbox 417 2585 562 2669; x_wconf 77' lang='lat' dir='ltr'>fastigium</span> <span class='ocrx_word' id='word_1_125' title='bbox 574 2583 711 2665; x_wconf 79' lang='lat' dir='ltr'>affurgere</span> <span class='ocrx_word' id='word_1_126' title='bbox 721 2602 774 2648; x_wconf 59' lang='lat' dir='ltr'>ut!</span> 
     </span>
    </p>
   </div>
   <div class='ocr_carea' id='block_1_4' title="bbox 0 0 1044 3567">
    <p class='ocr_par' dir='ltr' id='par_1_4' title="bbox 0 0 1044 3567">
     <span class='ocr_line' id='line_1_24' title="bbox 0 0 1044 3567; baseline 0 0"><span class='ocrx_word' id='word_1_127' title='bbox 0 0 1044 3567; x_wconf 95' lang='lat' dir='ltr'> </span> 
     </span>
    </p>
   </div>
  </div>
 </body>
</html>
