2059 3567
164 362 168 371 ·
205 303 624 383 DISSERTATIO.
672 302 758 381 uix

74 450 140 513 sunt
155 454 267 534 publica
286 464 314 516 &
335 456 371 513 ob
394 453 490 513 oculos
509 454 644 513 omnium
654 450 760 532 posita,

73 572 143 634 pura
160 559 363 637 impietatem,
387 553 513 621 fastum,
534 556 706 629 avaritiam,
723 552 761 612 li·

74 656 226 733 bidinem,
244 656 342 739 iniqua
369 657 522 735 tyrannice
538 652 681 734 potestatis
704 654 761 711 ina-

74 762 176 837 peria,
191 777 254 840 qoae
273 760 340 817 totis
358 758 454 816 Satirir
467 756 657 836 persequitur,
671 752 690 811 fi
702 754 761 831 pti·
856 826 860 833 Ι

76 880 162 925 vara,
178 863 215 918 ad
239 879 301 941 quae
321 856 380 937 ipse
403 860 538 939 quamvis
559 860 590 915 in
608 854 762 915 transcursu

75 962 210 1027 divertit,
221 960 356 1039 inspicere
363 956 447 1031 libet,
457 960 666 1040 comperiemus
674 956 764 1016 etiam

77 1059 110 1116 in
134 1060 170 1117 iis
186 1078 250 1139 quae
274 1058 403 1135 praeclara
427 1058 596 1137 sapientibus
608 1062 763 1130 videntur,

77 1159 220 1217 nonnulla
249 1159 393 1219 Censoriae
415 1159 567 1221 severitatis
596 1160 703 1243 judicio
729 1180 763 1219 ac

77 1260 229 1319 notatione
252 1257 327 1317 haud
341 1256 489 1318 immerito
511 1259 588 1324 suiffe
608 1261 763 1342 perstriffl.

80 1361 165 1436 Quid
188 1358 218 1417 in
241 1360 367 1419 universa
408 1358 577 1422 humaniore
607 1363 764 1423 litteratura

76 1466 156 1542 prius
173 1480 222 1520 aur
236 1464 380 1541 antiquius
391 1460 543 1521 Homeros
555 1472 580 1523 ει
594 1481 690 1523 tamen
703 1462 764 1541 ple-

77 1584 167 1646 raque
184 1567 216 1623 in
228 1584 263 1622 eo
272 1564 322 1623 esse
335 1581 397 1641 que
406 1559 522 1621 defendi
533 1561 582 1620 nisi
594 1564 766 1643 antiquitate

79 1674 140 1731 non
153 1663 256 1746 possint
267 1708 277 1737 ,
290 1664 386 1723 innuit
398 1662 489 1721 Satira
508 1662 585 1724 v11
598 1687 607 1724 t

213 1842 328 1913 spsefacir
341 1840 432 1913 versus,
441 1850 509 1907 utque
517 1836 721 1893 ineditam·

216 1936 306 1999 Propter
320 1926 383 1977 mille
394 1942 474 1977 annas.

125 2086 161 2147 Et
175 2082 267 2143 Satirr
287 2082 361 2151 VI,
382 2078 561 2141 mulierculas
579 2078 688 2143 inducit
706 2089 767 2145 Ho-

87 2204 202 2250 merum
220 2201 288 2241 cum
309 2181 432 2263 Virgilio
453 2185 678 2253 contendentes,
700 2207 768 2246 cunr

90 2288 147 2368 ipse
161 2288 269 2343 interea
288 2303 346 2341 non
365 2283 456 2343 solum
469 2272 584 2343 dubiam
595 2283 680 2345 saciat
693 2287 769 2347 illius

92 2390 240 2469 palmam,
261 2386 307 2442 sed
322 2385 408 2443 eriam
423 2384 489 2444 huic
500 2385 651 2460 adjudicer.

183 2508 310 2559 committit
316 2522 383 2559 vates
392 2510 423 2559 &¹
435 2524 561 2579 comparat,
572 2515 623 2564 inde
635 2520 753 2569 Maronem
758 2540 770 2583 3

186 2601 263 2671 Aspre
274 2591 325 2653 ,alia
342 2609 407 2665 parte
421 2600 445 2649 in
461 2601 548 2659 tractim
560 2600 671 2669 firsptndr't
689 2610 775 2659 Ham.

246 2697 305 2735 mmo

632 2773 653 2823 e
