2059 3567
265 233 327 304 184
415 231 787 303 'AUMMRSH

259 374 391 449 Plinius.
429 370 586 446 Ostendit
620 376 723 472 igitur
757 369 862 444 Po'e‘ts
903 366 938 441 se

256 492 408 570 Tuscum
426 489 517 572 esse,
543 515 620 562 cum
639 492 713 565 ait.

383 647 537 714 [sidereasque
547 665 619 696 mem
629 665 699 700 mre.

304 776 491 854 Volaterrae
518 772 677 870 oppidum
695 774 742 846 est
766 777 834 847 hoc
863 787 937 848 nnoss
1004 782 1005 874 i

254 899 305 972 do
328 895 544 972 aedificatnm:
562 894 595 960 in
611 891 774 986 profunda
785 893 872 966 valle
887 895 937 964 sn·
1004 875 1005 892 ³

253 1019 365 1090 blimis
387 1021 423 1089 &
444 1033 588 1110 praeceps
603 1007 749 1107 undique
766 1009 862 1081 collis
879 1033 936 1080 ex-

254 1133 318 1205 ssat
337 1183 349 1216 ‚
380 1134 471 1224 cujus
493 1129 528 1197 in
552 1128 676 1200 vertice
694 1127 845 1223 planities
863 1127 934 1211 est,

253 1251 372 1346 inqua
391 1248 449 1319 sita
470 1245 566 1342 ipsius
582 1243 653 1316 suns
679 1245 767 1316 urbis
784 1249 935 1329 moenia,
1005 1272 1006 1360 n

250 1390 353 1464 atque
369 1363 544 1435 stadiorum
566 1360 755 1460 quindecim
783 1363 936 1436 ascensus
1005 1381 1006 1454 s

254 1486 302 1561 est
317 1512 329 1574 3
344 1510 361 1556 e
377 1486 468 1578 cujus
478 1479 547 1551 basi
568 1503 665 1574 rupes
683 1501 756 1552 tota
769 1482 870 1555 ardua
886 1507 935 1556 at·

253 1631 319 1706 que
332 1601 484 1675 difficilis.
504 1597 579 1670 Illic
592 1596 767 1694 aliquando
784 1624 826 1674 ex
838 1601 936 1698 pros·

252 1723 396 1816 criptisa
417 1716 510 1813 Sylla
526 1740 668 1814 quatuor
686 1714 821 1788 millium
836 1743 935 1790 com·
1006 1760 1007 1825 n

250 1840 377 1938 pientes
403 1833 573 1915 ordinem,
590 1835 723 1906 biennio
749 1859 809 1931 per
838 1837 934 1910 obfi-
1006 1831 1007 1882 ἶ

248 1952 384 2046 dionem
406 1953 523 2050 press1,
549 1951 682 2023 tandem
701 1977 761 2049 per
780 1951 932 2029 inducias

247 2073 453 2149 discedentes
468 2072 580 2143 locum
601 2071 690 2141 iilum
710 2071 928 2168 reliquerunt.

247 2196 358 2272 Nasus
378 2191 424 2270 est
445 2189 491 2259 ibi
509 2187 632 2260 Persius
659 2213 743 2264 anno
764 2189 928 2288 vigesimo

245 2313 354 2408 primo
373 2309 500 2408 imperii
521 2305 680 2389 Tiberii,
709 2311 809 2379 tertio
837 2335 926 2383 auno

191 2483 194 2487 .
245 2427 320 2526 post
341 2425 516 2523 passionem
555 2423 676 2495 Christi
702 2424 771 2496 Dei
795 2425 897 2498 nostri
910 2447 927 2511 ,·

243 2569 392 2625 mortuus
410 2569 495 2619 enno
515 2544 617 2620 aetatis
647 2542 710 2620 suae
725 2543 920 2640 trigesim0‚

831 2693 920 2744 anno
