2059 3567
189 261 637 341 DISSERTATIO.
694 268 756 349 xix

58 435 227 514 cujusmodi
252 437 464 520 scriptiunculas
481 442 558 520 apud
578 464 632 504 nos
652 446 755 505 etiam-

61 556 139 597 num
152 542 238 600 ratiis
258 543 419 623 opprobriis
433 540 590 605 inferciunt
609 546 754 606 vernaculi

61 638 204 714 artifices,
225 661 298 725 quos
309 643 398 725 tulgi>
412 643 531 707 sartores
542 666 754 727 nuncupamus.

63 740 207 802 Paulatim
217 744 283 805 verb
294 749 423 807 excitaris
431 748 558 829 ingeniis
569 758 676 829 vaga&
685 770 753 829 pro-

60 858 143 905 terva
158 846 313 908 Satirarum
328 850 463 911 dicacitas
476 852 513 910 ad
537 850 696 911 fabularum
707 871 753 910 ar·

61 965 204 1025 gumenta
215 950 361 1012 transferri
371 954 463 1033 cepit,
473 954 753 1033 quarumausiorern

60 1048 160 1111 Livius
176 1052 379 1114 Andronicum
398 1053 445 1114 sibi
468 1055 679 1136 cognominem
690 1053 754 1112 lau-

57 1155 131 1231 dat,
151 1172 278 1236 eumque
291 1158 325 1217 ab
337 1157 435 1217 Satiris
450 1158 491 1217 ait
504 1158 604 1216 ausum
621 1154 674 1216 elie
691 1158 754 1236 pri-

58 1275 145 1317 mum
158 1276 333 1339 argumento
344 1257 468 1321 salsulam
481 1257 589 1322 serere:
602 1261 678 1319 unde
690 1280 754 1318 rna·

59 1359 201 1421 nisestum
212 1360 244 1422 fir
253 1407 263 1435 ,
276 1361 375 1443 scripta
387 1361 434 1423 sua
444 1380 568 1435 veteres,
579 1362 682 1441 quibus
692 1380 754 1421 non

58 1479 127 1523 erar
137 1462 313 1543 propostam
332 1461 450 1543 alicujus
464 1465 630 1543 argumenti
652 1466 754 1524 traua-
783 1502 786 1507 -

58 1566 142 1625 tione
166 1566 293 1647 suscepta
317 1564 467 1639 disserere,
490 1566 539 1629 sed
561 1563 657 1645 potitis
676 1566 756 1625 varia

57 1672 185 1749 carptim
197 1688 298 1729 notare
309 1689 341 1729 ac
355 1668 579 1749 reprehendere,
593 1669 630 1729 ab
641 1686 676 1728 ea
686 1688 757 1728 con·

60 1773 141 1854 gerie
162 1783 191 1836 tt
212 1774 357 1835 saturitate
377 1770 539 1853 inscripsisse
551 1772 668 1834 Satiras.
692 1770 757 1845 Qsi

59 1879 197 1957 deinceps
206 1877 308 1937 titulus
322 1878 356 1937 ab
367 1876 402 1936 iis
416 1876 476 1936 fere
497 1872 549 1957 qui
562 1892 663 1953 pravos
673 1870 757 1933 saccu-

61 1980 83 2040 li
106 1980 151 2041 sui
167 2000 261 2041 mores
273 1977 477 2059 descripserunt
489 1976 531 2037 est
541 1975 754 2057 frequentatus,

62 2104 95 2146 ur
106 2087 189 2167 quod
206 2084 363 2144 hominnm
374 2078 502 2142 scelera&
515 2076 611 2141 Po'e'ris
622 2078 699 2139 velot
712 2080 757 2137 in·

61 2190 129 2249 viris
142 2190 217 2250 inter
237 2184 453 2266 indignationes
474 2191 501 2243 ει
519 2180 636 2262 suspiria
647 2182 758 2259 expres·

61 2290 154 2352 serant
163 2338 171 2367 ,
181 2310 243 2349 non
256 2285 409 2368 peculiari,
423 2284 469 2343 sed
487 2282 642 2347 communi
658 2290 686 2342 dc
699 2278 763 2339 sor·

62 2394 138 2451 ruita
148 2392 338 2472 appellatione
346 2390 501 2450 censeretur
511 2418 520 2461 ;
530 2366 665 2469 elinque,
678 2384 760 2465 quod

62 2497 103 2554 ait
122 2494 209 2555 AElius
224 2500 376 2565 Donatus,
391 2491 447 2553 stne
459 2490 521 2551 ullo
538 2490 649 2571 proprii
660 2487 759 2548 notuie

63 2608 109 2666 nis
122 2606 209 2667 titulo
220 2605 349 2667 carmen.

611 2726 637 2784 B
649 2741 666 2780 2
