2059 3567
208 278 678 365 TESTIMONIA.
743 290 781 392 xj

94 445 241 509 sententiae
255 449 372 511 lacertos
384 450 521 532 expteffos
531 454 660 517 ostendar
671 455 779 519 sermo·

96 571 135 611 ne
154 552 293 634 vulgato,
312 553 359 615 sed
370 555 444 617 leste
454 574 552 617 tamen
564 577 575 629 3
586 578 688 639 parurn
700 575 780 621 tutat

97 662 236 716 numeros
248 668 295 729 3&
313 658 457 743 denique,
473 664 561 723 moda
574 680 643 741 pure
656 662 779 739 dicerer,

95 755 172 816 tr'ihil
187 758 261 839 pensi
277 758 387 825 habuit.
402 770 437 825 In
448 764 589 846 Iuvenale
598 769 780 827 omniacan-

93 868 151 921 tra·
175 860 232 925 Ille
243 863 322 923 ardet
332 906 342 938 ‚
354 864 457 940 instat,
470 889 566 950 aperte
581 868 703 950 iugulat.
712 872 780 951 Sty-

95 963 140 1024 ius
152 964 235 1027 valde
244 968 365 1035 arridet,
380 968 412 1027 in
423 985 483 1048 quo
498 988 566 1033 cum
577 975 709 1031 Romana
723 991 779 1052 pu·

94 1070 180 1129 ritate
189 1069 331 1149 juncturas
341 1066 608 1139 molles,fe1iciffime
616 1073 780 1132 consecutur

95 1172 146 1234 est.
174 1173 276 1233 Versus
296 1170 378 1254 ejus,
403 1175 516 1256 inquit,
538 1172 625 1256 longe
647 1175 781 1237 melioret

96 1295 190 1358 quam
201 1279 375 1348 Homini,
388 1276 533 1338 sententiae
541 1278 683 1349 acriores,
696 1276 781 1337 Phra·

96 1380 130 1441 fia
140 1383 275 1463 apertior.
285 1386 419 1442 Ceterum
433 1382 556 1457 urbana,
567 1381 682 1461 inquit,
693 1391 720 1443 ᾱ
731 1380 783 1439 sal-

96 1482 125 1543 sa
143 1480 239 1542 multo
261 1481 488 1563 plura-Iuventii
510 1482 644 1544 attribuas
662 1526 671 1557 ,
690 1502 782 1565 quam

94 1584 219 1666 excipias
230 1584 265 1645 ab
282 1584 416 1645 Horatio.
437 1584 553 1660 Quibus
567 1584 633 1647 sane
645 1586 717 1647 locis
730 1607 783 1647 ne·

96 1706 153 1771 que
165 1706 290 1763 temere,
302 1705 394 1770 neque
406 1684 506 1749 frustra
514 1688 721 1748 contendemus
731 1690 782 1767 Ju·

95 1792 229 1857 venalem
243 1791 331 1873 longe
341 1788 519 1853 accuratioris
530 1792 626 1855 Satirae
635 1792 782 1852 arciorem

97 1892 150 1956 esse
165 1912 176 1968 3
192 1902 295 1956 &eum
315 1911 396 1955 tanto
412 1912 584 1973 anteponere
595 1896 675 1955 decet
687 1897 782 1954 Hora·

95 1999 161 2071 tio,
183 2016 291 2081 quanta
312 1976 416 2057 melior
433 1992 566 2056 Horatius
584 1996 694 2057 Lucilio
704 1996 782 2080 jndi-

96 2104 383 2179 temnentemque
396 2114 632 2178 argumentorum
646 2096 782 2158 varietate

97 2199 190 2285 parsit
201 2200 246 2261 illi
259 2202 412 2269 Horatius,
429 2218 522 2283 neque
533 2200 699 2259 dexteritate
710 2216 783 2260 rtat-

96 2306 202 2381 tandi,
224 2322 317 2387 neque
331 2306 455 2368 ubertate
467 2297 643 2367 inventionis
655 2338 666 2370 ,
689 2317 783 2382 neque

97 2410 248 2473 crebritate
270 2406 497 2483 sententiarum,
523 2422 616 2488 neque
625 2399 782 2465 acrimonia

97 2509 351 2592 reprehetrfionir‚
379 2528 473 2594 neque
502 2507 610 2573 facetiis
644 2515 671 2573 ic
700 2507 785 2573 urba.

94 2630 203 2693 nitate.
