2059 3567
262 206 344 285 xxiv
379 213 452 281 DE
471 203 841 303 SATIRAJUVEN.

260 369 415 439 tribuatur.
442 373 558 437 Etenim
576 368 705 433 adverada
719 370 778 432 haec
789 364 950 431 Horatiani

258 475 318 535 stili
336 478 549 547 resisterint,
568 483 595 537 dt
616 475 725 555 grande
745 472 830 535 Perfii
840 470 950 550 sophor

258 576 397 658 insurgit,
407 590 434 641 bt
446 576 688 641 vehementiffima
696 571 947 646 Juvenalisnostti

259 677 388 738 Nemesis
407 684 580 741 accenditur.
600 680 709 740 Ennius
722 694 748 745 δι
761 681 889 742 Lucilius
910 679 945 739 in

256 784 359 860 primis
373 804 453 844 erant
477 785 679 865 nominandi,
702 781 944 865 quandoquidem

256 884 345 961 primi
364 884 483 945 laudem
499 888 532 945 in
551 887 644 946 Satira
666 888 729 944 sunt
747 877 943 943 affecutizsed

254 1002 355 1045 eorum
367 986 453 1049 hodie
470 1011 531 1049 non
551 988 694 1069 supersunt
714 986 765 1046 nist
776 984 944 1063 fragmenta

255 1090 386 1166 quedam
408 1100 435 1151 dt
447 1092 523 1152 uelut
534 1091 590 1151 offa
602 1092 716 1169 disjebia
727 1113 734 1150 ε
746 1105 810 1167 quae
830 1080 879 1144 etsr
899 1082 942 1143 ti-

255 1206 283 1248 te
295 1188 358 1250 sane
369 1194 422 1252 viri
434 1196 511 1253 docti
523 1195 664 1275 legerint,
681 1194 752 1255 &in
766 1187 941 1269 posteritatis
972 1215 974 1219 v

254 1295 428 1353 memoriam
440 1295 630 1370 condiderint,
639 1314 736 1355 tamen
745 1296 784 1354 ita
797 1291 861 1350 sunt
871 1290 941 1349 diu·

254 1391 316 1453 tino
336 1394 386 1456 fito
407 1400 533 1468 cariosa,
554 1420 587 1460 ut
607 1400 669 1478 jam
689 1396 763 1457 nihil
787 1390 939 1453 nisvene·

251 1500 347 1559 tanda
363 1504 545 1582 antiquitatis
564 1524 672 1564 nomen
691 1500 852 1562 exhibeant.

290 1625 381 1701 Qubd
391 1625 410 1685 fi
420 1629 466 1687 cui
477 1623 550 1684 sorte
562 1624 719 1685 dolendum
731 1620 784 1683 elle
792 1622 935 1696 videatur,
1016 1703 1017 1706 Ἴ

247 1743 280 1785 ut
291 1724 332 1786 est
348 1726 413 1791 sane
427 1729 569 1787 darnnum
579 1726 654 1786 haud
666 1727 747 1800 leve,
760 1723 791 1782 id
800 1744 932 1785 omneex
1016 1715 1017 1768 l

247 1829 335 1887 tribus
345 1826 405 1887 istis
415 1831 465 1910 qui
478 1830 512 1888 ad
525 1851 579 1890 nos
596 1830 701 1910 integri
719 1846 908 1908 pervenerunt
921 1874 932 1904 ,

245 1932 358 1989 abunde
378 1933 575 2011 reparabitur,
590 1952 716 2012 quorum
735 1932 807 1989 adeo
817 1930 933 1989 Satira·

247 2031 353 2110 triplici
374 2031 484 2092 dicendi
501 2035 659 2094 charadbere
670 2032 812 2112 triplicem
824 2031 930 2093 Ethicae
1014 2045 1015 2048 ’

244 2133 430 2215 Philosophiae
450 2138 572 2217 gradum
591 2135 709 2197 feliciter
731 2137 931 2216 expleverunt.
1013 2163 1014 2174 ¹

243 2238 324 2297 Nam
344 2237 478 2299 Horatius
489 2240 609 2319 quidem
617 2236 723 2298 humili
738 2239 867 2299 sermone
880 2241 928 2301 lu·

243 2342 314 2401 dens
324 2340 378 2399 hoc
387 2344 448 2421 agit
460 2387 468 2414 ,
489 2358 520 2399 ut
532 2338 630 2400 stultos
648 2340 745 2402 saltem
756 2341 927 2421 inspientiae

241 2438 388 2521 pudescat:
398 2440 500 2501 Perfius
510 2464 605 2505 autem
616 2442 670 2506 stili
681 2445 821 2527 grauioris
831 2428 928 2509 austcss

242 2543 354 2618 ritate,
382 2540 503 2607 honesto
523 2548 627 2627 pudori
647 2544 787 2629 generose
814 2549 928 2610 mentis

729 2647 926 2711 constantiam
