2059 3567
174 272 640 349 vinniano.
675 274 768 370 xxvij

87 416 287 494 quorumdam
300 434 536 495 argumentorum
558 418 662 499 species
673 441 728 500 [πε
742 422 771 480 se

86 512 177 585 ferar,
193 533 291 575 tamen
305 534 358 583 ea,
388 517 606 597 qualiacumque
625 522 711 593 sunt,
729 523 772 579 ita

88 620 190 679 tractat
201 636 232 677 ur
245 617 336 679 multa
348 637 476 696 practerea
484 616 599 680 summo
607 616 700 679 studio
710 640 772 700 per·

89 718 231 799 vestiget,
251 738 314 801 quae
334 718 360 777 le
382 718 460 777 aliud
477 718 574 797 agenti
586 722 781 783 obtuliffevi··

89 822 211 880 deantur
226 840 280 898 3ac
301 819 320 877 fi
339 820 456 900 quando
482 819 513 877 in
538 821 667 902 aliquem
679 822 773 883 sarrire

89 921 242 1013 pffuponit‚
256 922 327 981 adeo
338 921 513 981 truculentus
522 920 611 980 fertur
621 966 631 995 ,
642 940 674 981 ut
684 924 773 981 eriam

89 1020 192 1080 obvios
211 1024 398 1081 contrucidet.
429 1024 548 1082 Dicetes
568 1023 659 1083 telum
674 1024 774 1084 torfille

88 1138 151 1201 quo
162 1141 212 1200 per
231 1120 302 1181 latus
318 1125 400 1182 uniut
412 1122 551 1201 plurimas
575 1116 666 1183 obiter
680 1122 775 1184 coufi-

89 1243 167 1285 ccrer
180 1222 220 1284 :fi
240 1244 308 1285 vero
322 1225 394 1305 quid
409 1223 563 1283 ridiculum
575 1228 711 1303 apponit,
731 1243 775 1285 tot

89 1326 207 1390 insertis
221 1325 347 1386 ridiculis
356 1322 435 1384 struit
444 1324 623 1397 accumulat,
635 1344 667 1385 ur
675 1366 687 1399 ,
695 1328 776 1405 quod

88 1444 154 1489 erat
167 1426 341 1507 praecipuum
353 1427 421 1497 ,uir
435 1442 566 1504 appareat
583 1464 594 1491 ,
611 1427 658 1484 sed
681 1428 777 1506 potius

88 1530 217 1596 existat,
237 1548 301 1611 quae
319 1527 433 1609 proprie
444 1524 535 1588 Satira
548 1544 737 1603 nuncupatur.
775 1552 785 1568 ν

107 1634 203 1701 .Jam
229 1631 279 1690 illa
300 1648 381 1690 acute
407 1643 564 1707 arguteque
586 1627 662 1685 dicta
690 1646 778 1708 quarn

88 1732 191 1794 multa
207 1732 312 1812 ingerit
330 1726 339 1791 l
357 1748 445 1809 quam
466 1727 575 1789 multus
586 1727 675 1785 etiam
688 1775 697 1803 ,
709 1748 777 1790 cum

89 1832 259 1899 declamare
279 1830 408 1899 videtur,
419 1834 530 1909 impetu
541 1826 694 1887 Rhetorice
706 1831 781 1908 rapit

91 1943 123 1996 &
143 1929 249 2011 affligit
270 1945 278 1994 l
298 1950 386 2012 quam
400 1931 524 2010 denique
545 1926 645 1989 omnia
657 1927 781 2011 illaqu2

90 2037 190 2115 vulgo
205 2033 372 2095 mortalium
385 2032 513 2111 placent.
527 2029 722 2111 susquedeque
730 2031 782 2125 haff

91 2142 147 2201 bct
162 2133 170 2202 l
185 2138 295 2198 Vtrum
307 2135 495 2216 saepenumeto
504 2131 596 2198 fallit,
607 2140 634 2193 ει
646 2131 694 2190 sub
705 2131 783 2195 hasta

90 2260 172 2325 pura
184 2237 478 2319 praepilatamviluatr
490 2230 784 2313 cumqueuelremeu·

90 2343 205 2405 riliime
225 2358 330 2421 urget,
349 2337 554 2400 declamatorio
577 2335 673 2397 colore
691 2334 784 2416 sparso

91 2446 135 2511 fic
150 2442 318 2515 adumbrat,
341 2460 373 2501 ut
394 2442 482 2503 eriam
500 2436 719 2497 calumniatores
736 2435 785 2498 fu.

91 2550 178 2631 giu.
197 2546 295 2627 Atque
314 2544 407 2624 operia
418 2538 536 2623 quidem
552 2532 783 2615 principioiudi.

600 2682 620 2728 C
636 2678 660 2735 2
