2059 3567
148 332 153 353 .
248 282 320 378 rrij
362 286 433 353 DE
461 280 647 351 sArmA
662 282 858 371 JUVEN.

247 439 308 481 tam
322 420 477 505 imaginem
498 418 664 481 absolviffer.
688 421 729 479 Ar
752 419 852 479 scelera
868 438 938 498 per-

242 525 341 607 petuis
364 526 483 585 tenebris
501 525 666 583 damnanda
684 525 780 601 prodit
795 532 822 583 &
842 543 934 601 erpo·

248 630 314 699 nit,
336 646 367 685 ac
386 623 501 703 peffimo
518 627 650 706 exemplo
663 629 754 705 aperit
763 645 827 706 quae
839 606 936 705 terire-

248 726 359 789 hendir.
369 726 450 799 Quin
460 730 553 804 potius
563 731 677 807 optimo
687 717 818 805 exemplo
830 724 935 785 scelera

247 827 283 887 src
292 825 486 905 reprehendit,
501 845 532 885 ur
544 847 672 886 eanemo
686 848 745 885 non
755 824 933 897 exsecretur3

248 928 284 989 fic
295 930 406 1009 aperit,
419 949 449 988 ur
459 949 490 988 ea
499 951 587 990 nemo
601 951 658 987 non
671 930 792 989 tenebris
801 930 933 987 damnet.

251 1034 336 1109 Quid
356 1031 457 1091 faceret
475 1028 487 1092 ἒ
508 1033 648 1091 Scribebat
664 1031 761 1091 saeculo
787 1029 932 1089 Caesarum

249 1137 367 1215 flagitiis
381 1133 650 1194 contaminarissimo
658 1177 669 1208 ‚
679 1131 787 1213 legibus
797 1150 852 1188 una
864 1152 932 1189 cum

250 1234 316 1295 elisa
335 1234 557 1317 Magistraruum
573 1256 641 1294 voce
657 1236 801 1302 evanidis,
820 1239 932 1295 Roma-

249 1359 286 1398 na
303 1337 349 1397 illa
363 1338 509 1418 quondam
522 1338 626 1396 virture
639 1335 737 1416 sopore
745 1327 933 1416 pene'lethali

251 1442 448 1503 marcescente.

291 1563 367 1645 Ergo
383 1562 630 1644 quemadmodum
661 1561 824 1643 lethargicis
849 1560 932 1621 erci-

249 1666 342 1722 tandis
361 1666 452 1745 picem
472 1665 590 1722 crudam
608 1709 619 1737 ,
646 1665 742 1725 ianam
767 1662 929 1729 succidam,

249 1784 355 1843 cepas,
373 1764 546 1843 galbanum,
559 1775 585 1826 &
605 1766 708 1827 fimilia
727 1786 811 1827 terror
828 1768 931 1825 odorer

248 1860 395 1925 vomentia
417 1866 583 1933 incendere,
602 1850 930 1948 evocatisquesternuta-

249 1970 352 2033 mentis
371 1969 514 2029 cerebrum
535 1988 685 2032 concutere
697 1969 930 2046 Medicijubenr;

246 2073 284 2135 ric
305 2112 315 2143 ‚
348 2072 471 2131 admotis
490 2070 644 2131 Satirarum
665 2071 772 2131 facibus
789 2108 802 2141 ,
821 2066 929 2129 foerida

246 2195 405 2259 ganearum
420 2171 565 2255 gurgustia
584 2182 611 2235 dr
632 2174 764 2236 obscoena
782 2173 928 2251 prostibu·
1023 2201 1024 2268 ]

247 2277 343 2337 lorum
355 2277 500 2355 lupanaria
520 2277 653 2343 accendi,
665 2276 816 2356 nodesque
832 2280 929 2335 Nero·
1023 2291 1024 2302 ¹

248 2379 349 2439 nianas
364 2378 495 2437 illustrari
512 2376 617 2455 profuit
629 2398 691 2453 „ur
715 2380 782 2437 inde
805 2380 929 2440 excitata
1023 2369 1024 2432 j

243 2478 391 2557 spurcities
407 2499 485 2539 nares
504 2479 691 2541 &cerebrum
707 2479 820 2548 feriret,
833 2501 865 2540 ac
877 2502 928 2560 per

245 2580 304 2641 ,hoc
314 2578 518 2641 somniculosus
531 2580 581 2644 ille
599 2601 709 2643 marcor
719 2586 770 2665 qui
781 2589 929 2647 Romano·
1023 2653 1024 2656 Ἴ
