2059 3567
180 308 620 403 mssa-marro.
679 349 750 403 xxv

59 469 259 531 constantiam
272 473 369 546 addit,
383 476 517 555 viamque
530 472 620 551 ipsam
640 488 697 551 qua
714 472 753 529 ad

63 570 196 652 rigidam
210 571 388 656 solidamque
411 578 548 637 virtutem
573 592 653 633 eatur
679 572 752 632 serio

65 674 212 736 monstrat
223 703 231 740 :
244 674 391 755 Iuvenalis
402 675 526 755 denique
541 676 695 736 hominum
706 696 756 735 ne-

65 776 194 854 quitiam
224 776 427 855 impudentem
461 774 592 837 horribili
616 777 756 860 flagello,

67 876 172 935 dolore
186 886 214 937 dt
230 878 432 958 indignatione
448 876 591 939 succensus
610 922 620 952 ‚
641 883 762 961 corripit

71 980 238 1061 &castigat
255 982 302 1039 Sic
318 981 409 1061 igitur
423 978 454 1039 hi
467 998 523 1038 tres
538 982 635 1039 eoetae
647 1000 696 1061 per
708 982 763 1040 Sa-

72 1082 160 1142 tiram
183 1062 263 1143 fuere
287 1077 453 1159 Philosophi
472 1111 481 1153 3
502 1099 598 1160 neque
619 1081 765 1142 oliainter

51 1224 52 1229 η
70 1202 179 1242 eorum
194 1183 298 1241 Satires
308 1184 459 1264 querenda
471 1180 510 1242 esi
520 1176 698 1255 differentia,
709 1178 762 1242 nisi

74 1304 167 1368 quam
176 1283 298 1347 diversus
306 1303 357 1363 pro
365 1300 530 1362 tempotum
539 1283 673 1343 varietate
682 1280 764 1341 stilur

76 1386 217 1467 imposuit
232 1411 240 1451 ς
254 1387 360 1467 quippe
385 1383 466 1442 aliter
485 1383 583 1443 affeea
602 1385 766 1463 atqueani·

77 1507 160 1547 mata
171 1484 287 1546 fuerunt
300 1490 495 1546 Romanorum
507 1484 623 1566 ingenia
635 1485 765 1567 Augusto

75 1592 115 1647 de
123 1588 269 1647 reddenda
278 1589 434 1683 Republica¹
442 1592 588 1669 cogitante
598 1584 697 1656 ,aliter
708 1590 768 1645 Ne-

78 1706 152 1746 rone
172 1682 259 1748 Urbis
271 1688 439 1747 incendium
453 1692 489 1748 ad
506 1687 555 1747 ilii
565 1685 768 1765 conflagrantit

79 1786 245 1869 imaginem
255 1787 351 1846 habitu
364 1785 576 1848 sten'icoeturri
587 1791 770 1849 Macenatia-

82 1910 120 1949 na
137 1887 333 1967 prospectante
351 1929 361 1960 ,
385 1888 468 1946 aliter
484 1889 575 1946 eriam
595 1890 770 1950 Domitiano

83 1990 190 2069 stupris
199 1987 459 2068 ,caedibunrapinis
468 1989 622 2049 dominnm
629 2010 663 2050 ac
675 1995 772 2053 Deum

86 2090 111 2149 se
123 2106 254 2170 gerente.
277 2088 378 2163 Quam
401 2091 442 2148 oh·
459 2110 520 2151 rem
531 2092 772 2169 Joveoaiirsimul

84 2210 155 2249 cum
171 2176 229 2247 riso
244 2188 422 2251 excandescit
437 2236 447 2266 ,
471 2200 498 2253 ει
516 2190 651 2271 jugulam
665 2194 774 2272 quippe

88 2295 225 2352 animum
236 2289 363 2349 cohibito
377 2290 431 2348 risu
443 2288 605 2371 indignatio
620 2290 710 2361 subit,
726 2296 776 2354 de·

90 2396 161 2455 inde
170 2390 399 2484 dolorquialtius
411 2388 512 2471 pressus
526 2396 638 2454 exardet
649 2398 680 2454 in
691 2394 776 2475 iram,

90 2508 118 2558 dt
134 2502 233 2556 Po'e'tae
246 2493 324 2555 velut
335 2490 513 2551 aestuantibus
526 2495 686 2573 precordiis
696 2498 778 2559 stilus

35 2594 37 2632 i
92 2597 240 2681 ignescit,
253 2574 395 2678 quomox
411 2611 536 2655 armatos
553 2595 661 2657 &titia
679 2606 706 2660 et
724 2599 779 2659 ho-

598 2730 619 2778 c
