2059 3567
246 249 682 324 DISSERTATlo.
740 256 801 351 xxj

114 397 165 459 bat
178 398 342 461 imitatione
354 438 364 470 ,
375 399 410 461 fic
428 412 454 463 &
466 400 639 479 Satirarum,
652 403 688 463 de
698 401 802 484 quibus

118 522 197 562 nunc
218 503 350 585 agimus,
371 507 422 565 dos
434 506 559 566 maxima
574 507 604 564 in
616 501 804 583 descriptione

119 605 262 679 confistit3
275 626 361 688 atque
383 608 461 667 idem
481 610 604 669 omnino
624 608 664 668 est
678 600 804 665 Horatio

119 708 292 782 describere,
305 711 385 789 quod
402 708 549 771 Aristoteli
563 709 701 788 μμῖθη,
719 726 805 766 uem-

121 830 158 891 pe
174 832 264 871 mores
276 814 395 891 alicujus
405 808 522 893 figurati
533 833 649 884 notare,
659 832 691 871 ac
704 829 806 889 περικ-

122 914 263 973 sentando
276 915 309 973 fic
320 911 478 996 deformare
489 924 515 973 &
527 913 674 983 illustrare,
685 929 717 969 ut
727 927 807 989 paene

123 1017 216 1075 oculis
229 1016 422 1095 subjiciantur.
434 1016 526 1074 Porro
537 1012 603 1075 crim
621 1010 743 1075 univerfi
757 1000 812 1070 iro-⁸

125 1117 219 1181 mines
228 1120 244 1177 i
253 1138 352 1180 natura
361 1118 413 1178 siut
423 1120 459 1176 ad
470 1118 646 1177 imitandum
657 1113 811 1197 aptiffimi‚

125 1238 159 1279 ut
172 1222 264 1280 ridere
274 1266 283 1294 ,
295 1220 402 1297 jocari,
417 1220 532 1293 ludere,
544 1241 623 1304 aeque
636 1216 810 1281 naturaleest

127 1322 235 1381 Graecis
250 1341 282 1379 ac
294 1324 422 1382 Barbaris
433 1353 441 1396 3
452 1323 486 1383 iic
497 1327 585 1385 eriam
597 1326 696 1384 eadem
711 1340 812 1383 natura

127 1422 284 1491 suadente,
301 1424 391 1486 mistis
401 1426 472 1507 jocis
484 1425 641 1487 diueriisve
651 1442 752 1499 pravos
762 1423 814 1483 ho-

129 1526 248 1585 minum
260 1548 354 1587 mores
365 1530 473 1588 imitari
484 1548 533 1589 aut
550 1529 723 1601 describere,
734 1546 814 1607 aeque

131 1647 257 1708 pronum
277 1627 333 1689 fuit
351 1630 485 1701 Latinis,
507 1651 593 1713 atque
616 1632 729 1693 Graecis.
756 1627 816 1691 Sed

134 1732 240 1789 Graecis
252 1734 372 1811 quidem
385 1736 510 1813 Satyrica
529 1734 689 1813 protervia;
707 1732 817 1791 Latinis

134 1830 205 1892 verb
216 1852 266 1910 per
276 1835 421 1910 ratium,
454 1838 482 1897 ἔκ
498 1842 544 1898 vin
556 1832 790 1918 iwffloecpa'em
808 1860 816 1897 ι

136 1934 230 1995 rursus
239 1944 266 1995 &
275 1937 390 1996 Latinus
401 1956 517 2019 quoque
525 1939 646 2018 satyrica
655 1938 821 2017 petulantia,

138 2046 169 2099 δι
181 2039 295 2127 Graeeos
312 2062 360 2120 per
376 2039 496 2099 Seritam
516 2040 603 2101 iufiffe
619 2044 684 2121 quis
696 2034 822 2106 dixerit,

138 2142 259 2222 quando
278 2144 419 2222 protervia
433 2141 483 2201 illa
508 2141 563 2202 five
581 2142 708 2222 petulans
719 2140 826 2199 dicaci-

141 2263 185 2305 tas
196 2285 206 2317 ‚
218 2262 283 2325 quae
293 2244 418 2323 Satyrica
435 2262 633 2322 nuncupatur,
652 2262 730 2325 aeque
740 2258 824 2299 natu-

141 2346 211 2408 ralis
223 2350 358 2407 Romano
372 2344 457 2405 fuerit
467 2386 478 2417 ‚
487 2364 577 2427 ,atque
585 2344 678 2405 satura
689 2344 746 2404 five
756 2341 826 2403 mis-

142 2450 215 2511 cella
226 2456 357 2527 jocorum
367 2448 514 2529 congeries
525 2449 636 2508 Graeco.
658 2447 726 2507 Imb
744 2447 828 2507 ficu-

146 2567 247 2632 riofiuis
269 2562 449 2647 inspiciamus
470 2612 495 2654 ,γ
511 2566 600 2627 Satira
622 2564 678 2629 fuir
704 2563 828 2628 Homeri
