2059 3567
184 326 537 409 'JUVENALIS
560 336 715 413 VITA.
744 335 792 446 vij

103 466 245 533 me'minir
255 476 292 534 ad
303 475 427 536 Satiram
438 477 454 535 1
464 476 503 537 V.
518 477 612 541 Sed&
623 484 700 560 apud
718 486 791 544 Hie-

104 590 266 653 ronymum
295 578 325 635 in
349 576 505 657 Epitaphio
527 583 688 662 Nepotiani
714 584 791 645 male

102 670 251 757 hodieque
271 676 342 739 Assa
361 698 414 759 pro
429 680 531 745 Oasae:
549 703 621 744 nam
631 685 670 743 cle
683 686 789 745 Tima-

99 776 142 837 fio
153 778 299 860 loquitur,
317 800 406 863 quem
421 780 499 845 orso
515 783 678 864 telegnmm
696 787 789 857 Zoziq

98 897 168 939 mus
189 901 225 941 ex
244 884 383 945 advocato
400 882 456 946 fisci
474 885 548 947 clare
565 903 672 945 narrat.

136 988 206 1043 Haec
232 987 316 1046 verbu
338 986 476 1071 (claudii
495 987 641 1067 Neronis)
665 987 697 1045 in
716 986 787 1067 qui-i

97 1085 219 1146 busdam
231 1091 436 1171 exemplaribus
447 1088 558 1151 desunt.
580 1091 672 1166 Quod
691 1086 788 1170 sequi-

96 1206 147 1247 tur
157 1190 195 1250 de·
204 1189 553 1267 semestribus'miliriolis,
569 1193 692 1272 pertinet
703 1191 740 1251 ad
748 1189 786 1249 il-

94 1290 172 1362 lud,
185 1296 278 1355 Satira
289 1294 374 1371 vn,

59 1540 63 1547 .
124 1448 751 1535 Semestrr'vatumdigiroscr‘rcumligarauro.

136 1610 183 1673 Est
204 1621 233 1675 δι
254 1606 391 1672 semestris
401 1610 576 1670 Tribunatur
586 1611 698 1670 mentio
708 1604 789 1689 apud

95 1708 230 1772 Plinium
241 1756 251 1785 ,
263 1712 337 1771 libro
347 1713 390 1772 lv
408 1708 609 1791 Epistularum.
678 1742 682 1749 -

136 1815 217 1874 Intra
227 1809 419 1875 brevillimum
431 1830 561 1890 tempus.
571 1851 579 1870 .
590 1850 598 1871 .
609 1806 708 1889 periit:
722 1828 783 1869 non

54 1986 58 1993 ‚
95 1916 161 1979 satis
176 1915 223 1977 hic
238 1918 374 1977 convenit
397 1936 464 1975 cum
477 1914 566 1973 Suida
588 1927 673 1991 quern
686 1927 785 1989 tamen

94 2036 131 2079 ex
158 2018 256 2079 Dione
278 2012 416 2101 sumpfill'e
439 2008 594 2077 verifimile
607 2010 657 2075 est.
674 2015 785 2073 Neuter

95 2138 166 2179 cum
176 2117 211 2179 iis
223 2136 287 2199 qua
301 2137 335 2178 ex
353 2116 491 2199 Iuvenale
504 2114 565 2197 ipso
572 2153 584 2184 ,
601 2108 700 2172 Satiris
713 2116 726 2171 1
737 2116 784 2184 v,

95 2222 127 2283 V
140 2222 173 2293 1,
193 2220 357 2291 x111,xv
371 2266 381 2297 ,
396 2219 497 2299 colligi
518 2210 646 2297 poliunt,
663 2230 729 2293 quae
738 2208 784 2271 hle

95 2321 254 2382 accuratius
266 2320 393 2403 persequi
403 2338 461 2379 non
472 2315 514 2379 est
524 2315 578 2378 orii
589 2312 688 2376 nostri.
697 2316 786 2375 Sum-

95 2441 150 2484 ma
169 2439 282 2485 rantum
302 2424 433 2506 quaedam
453 2422 575 2485 breviter
593 2419 698 2481 notarie
717 2400 785 2479 suris

19 2592 20 2599 ,
95 2527 168 2593 elit·
